<?xml version="1.0" encoding="UTF-8"?>
<collection xmlns:xsi="http://www.w3.org/2001/XMLSchema-instance" xsi:schemaLocation="http://www.loc.gov/MARC21/slim http://www.loc.gov/standards/marcxml/schema/MARC21slim.xsd" xmlns="http://www.loc.gov/MARC21/slim">
<record>
  <leader>00857cam a22002171  4500</leader>
  <controlfield tag="001">3099484</controlfield>
  <controlfield tag="003">NNC</controlfield>
  <controlfield tag="005">20130426021153.0</controlfield>
  <controlfield tag="008">011008s1935    ua            000 0 ara d</controlfield>
  <datafield tag="035" ind1=" " ind2=" ">
    <subfield code="a">(OCoLC)ocm48104053</subfield>
  </datafield>
  <datafield tag="035" ind1=" " ind2=" ">
    <subfield code="9">ATS8815CU</subfield>
  </datafield>
  <datafield tag="035" ind1=" " ind2=" ">
    <subfield code="a">(NNC)3099484</subfield>
  </datafield>
  <datafield tag="040" ind1=" " ind2=" ">
    <subfield code="a">ZCU</subfield>
    <subfield code="c">ZCU</subfield>
  </datafield>
  <datafield tag="099" ind1=" " ind2=" ">
    <subfield code="a">893.792</subfield>
    <subfield code="a">J29</subfield>
  </datafield>
  <datafield tag="100" ind1="1" ind2=" ">
    <subfield code="a">Bigiev, Musa Dzharullakh,</subfield>
    <subfield code="d">1875-1949.</subfield>
  </datafield>
  <datafield tag="245" ind1="1" ind2="0">
    <subfield code="a">Ayyām ḥayāt al-Nabī al-karīm ...;</subfield>
    <subfield code="b">hādhihī al-risālah fī bayān ayyām ḥayāt al-Nabī ... bi-taʻyīn ism al-ayyām fī al-usbūʻ wa-bi-taʻyīn ʻadad al-ayyām fī shuhūrihā, lam yakhruj muʾal-lifuhā min ḥudūd ṣiḥāḥ al-aḥādīth fīhā ...</subfield>
  </datafield>
  <datafield tag="260" ind1=" " ind2=" ">
    <subfield code="a">Miṣr,</subfield>
    <subfield code="b">Maktabat al-Khānjī,</subfield>
    <subfield code="c">1354 h., 1935 m.</subfield>
  </datafield>
  <datafield tag="300" ind1=" " ind2=" ">
    <subfield code="a">32 p.</subfield>
  </datafield>
  <datafield tag="600" ind1="0" ind2="0">
    <subfield code="a">Muḥammad,</subfield>
    <subfield code="c">Prophet,</subfield>
    <subfield code="d">-632.</subfield>
  </datafield>
  <datafield tag="650" ind1=" " ind2="0">
    <subfield code="a">Islamic chronology.</subfield>
  </datafield>
  <datafield tag="955" ind1=" " ind2=" ">
    <subfield code="b">CU58915729</subfield>
    <subfield code="d">off,glx</subfield>
    <subfield code="e">893.792 J29</subfield>
  </datafield>
</record>
</collection>